@article{Stoica_2003_Chord,
 author = {Stoica, Ion and Morris, Robert and Liben-Nowell, David and Karger, David R. and Kaashoek, M. Frans and Dabek, Frank and Balakrishnan, Hari},
 title = {Chord: A Scalable Peer-to-peer Lookup Protocol for Internet Applications},
 journal = {IEEE/ACM Trans. Netw.},
 issue_date = {February 2003},
 volume = {11},
 number = {1},
 month = feb,
 year = {2003},
 issn = {1063-6692},
 pages = {17--32},
 numpages = {16},
 url = {http://dx.doi.org/10.1109/TNET.2002.808407},
 doi = {10.1109/TNET.2002.808407},
 acmid = {638336},
 publisher = {IEEE Press},
 address = {Piscataway, NJ, USA},
 keywords = {distributed scalable algorithms, lookup protocols, peer-to-peer networks},
} 

@inproceedings{Rowstron_2001_Pastry,
 author = {Rowstron, Antony I. T. and Druschel, Peter},
 title = {Pastry: Scalable, Decentralized Object Location, and Routing for Large-Scale Peer-to-Peer Systems},
 booktitle = {Proceedings of the IFIP/ACM International Conference on Distributed Systems Platforms Heidelberg},
 series = {Middleware '01},
 year = {2001},
 isbn = {3-540-42800-3},
 pages = {329--350},
 numpages = {22},
 url = {http://dl.acm.org/citation.cfm?id=646591.697650},
 acmid = {697650},
 publisher = {Springer-Verlag},
 address = {London, UK, UK},
} 

@inproceedings{DeCandia_2007_Dynamo,
 author = {DeCandia, Giuseppe and Hastorun, Deniz and Jampani, Madan and Kakulapati, Gunavardhan and Lakshman, Avinash and Pilchin, Alex and Sivasubramanian, Swaminathan and Vosshall, Peter and Vogels, Werner},
 title = {Dynamo: Amazon's Highly Available Key-value Store},
 booktitle = {Proceedings of Twenty-first ACM SIGOPS Symposium on Operating Systems Principles},
 series = {SOSP '07},
 year = {2007},
 isbn = {978-1-59593-591-5},
 location = {Stevenson, Washington, USA},
 pages = {205--220},
 numpages = {16},
 url = {http://doi.acm.org/10.1145/1294261.1294281},
 doi = {10.1145/1294261.1294281},
 acmid = {1294281},
 publisher = {ACM},
 address = {New York, NY, USA},
 keywords = {performance, reliability, scalability},
} 

@inproceedings{Fox_1997_BASE,
 author = {Fox, Armando and Gribble, Steven D. and Chawathe, Yatin and Brewer, Eric A. and Gauthier, Paul},
 title = {Cluster-based Scalable Network Services},
 booktitle = {Proceedings of the Sixteenth ACM Symposium on Operating Systems Principles},
 series = {SOSP '97},
 year = {1997},
 isbn = {0-89791-916-5},
 location = {Saint Malo, France},
 pages = {78--91},
 numpages = {14},
 url = {http://doi.acm.org/10.1145/268998.266662},
 doi = {10.1145/268998.266662},
 acmid = {266662},
 publisher = {ACM},
 address = {New York, NY, USA},
} 